@misc{top10flaws,
title = {{Avoiding the top 10 software security design flaws}},
note = {on-line at: \url{https://www.computer.org/cms/CYBSI/docs/Top-10-Flaws.pdf}},
    author = {IEEE Computer Society},
    year = {2014}
}

@book{frontmatter,
  title={{Seven Deadliest Web Application Attacks}},
  author={Mike Shema},
  isbn={9781597495431},
  year={2010},
  publisher={Elsevier Inc.},
  address = {Burlington, USA}
}

@misc{softwaresecurity,
	title = {{Software Security}},
	note = {on-line at: \url{https://www.coursera.org/learn/software-security}},
	author = {University of Maryland, College Park}
}

@misc{smashingthestack,
	title = {{Smashing The Stack For Fun And Profit}},
	note = {on-line at: \url{http://insecure.org/stf/smashstack.html}},
	author = {Aleph One}
}

@misc{sqlinjection1,
    author = {{acunetix}},
	title = {{SQL Injection (SQLi)}},
	note = {on-line at: \url{https://www.acunetix.com/websitesecurity/sql-injection/}},
}


@misc{csrf1,
    author = {{OWASP}},
	title = {{Cross-Site Request Forgery (CSRF)}},
	note = {on-line at: \url{https://www.owasp.org/index.php/Cross-Site_Request_Forgery_(CSRF)}},
}

@misc{scpws,
    author = {{Kossakowski and Allen}},
	title = {{Securing Public Web Servers}},
	note = {on-line at: \url{https://resources.sei.cmu.edu/asset_files/SecurityImprovementModule/2000_006_001_13637.pdf}},
}

@misc{wssg,
    author = {{Indian Computer Emergency Response Team}},
	title = {{Web Server Security Guideline}},
	note = {on-line at: \url{http://www.gswan.gov.in/PDF/CERT-In%20Web%20Server%20Security%20Guideline.pdf}},
}

@misc{lawsa,
	title = {{Linux Apache Web Server Administration}},
	author = {{Charles Aulds}},
	note = {on-line at: \url{http://www.ubak.gov.tr/BLSM_WIYS/UBAK/TEMP/20090612_145052_204_1_64.pdf}},
}

@misc{gspws,
    author = {{Miles Tracy, et al.}},
	title = {{Guidelines on Securing Public Web Server}},
	note = {on-line at: \url{http://csrc.nist.gov/publications/nistpubs/800-44-ver2/SP800-44v2.pdf}},
}

@misc{cia,
	title = {{confidentiality, integrity, and availability }},
	author = {{TechTarget}},
	note = {on-line at: \url{http://whatis.techtarget.com/definition/Confidentiality-integrity-and-availability-CIA}},
}

@misc{firewalls,
	author = {{William R. Cheswick, et al.}},
	title = {{Firewalls and Internet Security - Repelling the Wily Hacker 2nd Ed 2003.pdf}}
}

@misc{antivirus,
	title = {{What is Anti-Virus?}},
	author = {{Jake Williams}},
	note = {on-line at: \url{https://securingthehuman.sans.org/newsletters/ouch/issues/OUCH-201412_en.pdf}},
}

@misc{cryptography,
    author = {{William Stallings}},
	title = {{Cryptography and Network Security Principles and Practices, Fourth Edition}}
}


